@inproceedings{
  title={A Simulation Model for the Analysis of DDoS Amplification Attacks},
  author={Angelo Furfaro, Giovanna Malena},
  organization={IEEE}
}
@inproceedings{
	title={Distributed attack detection scheme using deep learning approach for
	Internet of Things},
	author={Abebe Abeshu Diro, Naveen Chilamkurti},
	organization={Department of Computer Science and IT, La Trobe University, Melbourne, Australia}
}
